@article{Srivastava:2014:DSW:2627435.2670313,
        author = {Srivastava, Nitish and Hinton, Geoffrey and Krizhevsky, Alex and Sutskever, Ilya and Salakhutdinov, Ruslan},
        title = {Dropout: A Simple Way to Prevent Neural Networks from Overfitting},
        journal = {J. Mach. Learn. Res.},
        issue_date = {January 2014},
        volume = {15},
        number = {1},
        month = jan,
        year = {2014},
        issn = {1532-4435},
        pages = {1929--1958},
        numpages = {30},
        url = {http://dl.acm.org/citation.cfm?id=2627435.2670313},
        acmid = {2670313},
        publisher = {JMLR.org},
        keywords = {deep learning, model combination, neural networks, regularization},
}
