@article{Kolda:2009:TDA:1655228.1655230,
 author = {Kolda, Tamara G. and Bader, Brett W.},
 title = {Tensor Decompositions and Applications},
 journal = {SIAM Rev.},
 issue_date = {August 2009},
 volume = {51},
 number = {3},
 month = aug,
 year = {2009},
 issn = {0036-1445},
 pages = {455--500},
 numpages = {46},
 url = {http://dx.doi.org/10.1137/07070111X},
 doi = {10.1137/07070111X},
 acmid = {1655230},
 publisher = {Society for Industrial and Applied Mathematics},
 address = {Philadelphia, PA, USA},
 keywords = {canonical decomposition (CANDECOMP), higher-order principal components analysis (Tucker), higher-order singular value decomposition (HOSVD), multilinear algebra, multiway arrays, parallel factors (PARAFAC), tensor decompositions},
}

@book{Murphy:2012:MLP:2380985,
 author = {Murphy, Kevin P.},
 title = {Machine Learning: A Probabilistic Perspective},
 year = {2012},
 isbn = {0262018020, 9780262018029},
 publisher = {The MIT Press},
}

@inproceedings{ben2017mutan,
  title={{MUTAN}: Multimodal Tucker Fusion for Visual Question Answering},
  author={Ben-younes, Hedi and Cadene, R{\'e}mi and Cord, Matthieu and Thome, Nicolas},
  booktitle={IEEE Int. Conf. on Computer Vision (ICCV)},
  year={2017}
}

@ARTICLE{2017arXiv170803805B,
   author = {{Bian}, Y. and {Gan}, C. and {Liu}, X. and {Li}, F. and {Long}, X. and 
	{Li}, Y. and {Qi}, H. and {Zhou}, J. and {Wen}, S. and {Lin}, Y.
	},
    title = "{Revisiting the Effectiveness of Off-the-shelf Temporal Modeling Approaches for Large-scale Video Classification}",
  journal = {ArXiv e-prints},
archivePrefix = "arXiv",
   eprint = {1708.03805},
 primaryClass = "cs.CV",
 keywords = {Computer Science - Computer Vision and Pattern Recognition},
     year = 2017,
    month = aug,
   adsurl = {http://adsabs.harvard.edu/abs/2017arXiv170803805B},
  adsnote = {Provided by the SAO/NASA Astrophysics Data System}
}

@inproceedings{neural-optimizer-search-46114,
title = {Neural Optimizer Search with Reinforcement Learning},
author  = {Irwan Bello and Barret Zoph and Vijay Vasudevan and Quoc Le},
year  = 2017
}

@inproceedings{deep-rl-berkeley,
title = {CS 294: Deep Reinforcement Learning},
author  = {Sergey Levine},
year  = 2017
}

@inproceedings{neural-architecture-search-45826,
title = {Neural Architecture Search with Reinforcement Learning},
author  = {Barret Zoph and Quoc V. Le},
year  = 2017,
URL = {https://arxiv.org/abs/1611.01578}
}

@inproceedings{goyal2017making,
  title={Making the V in VQA matter: Elevating the role of image understanding in Visual Question Answering},
  author={Goyal, Yash and Khot, Tejas and Summers-Stay, Douglas and Batra, Dhruv and Parikh, Devi},
  booktitle={Proc. IEEE Conf. on Computer Vision and Pattern Recognition (CVPR)},
  year={2017}
}

@article{teney2017tips,
  title={Tips and Tricks for Visual Question Answering: Learnings from the 2017 Challenge},
  author={Teney, Damien and Anderson, Peter and He, Xiaodong and Hengel, Anton van den},
  journal={arXiv preprint arXiv:1708.02711},
  year={2017}
}

@inproceedings{DBLP:conf/emnlp/FukuiPYRDR16,
  author    = {Akira Fukui and
               Dong Huk Park and
               Daylen Yang and
               Anna Rohrbach and
               Trevor Darrell and
               Marcus Rohrbach},
  title     = {Multimodal Compact Bilinear Pooling for Visual Question Answering
               and Visual Grounding},
  booktitle = {Proc. 2016 Conf. on Empirical Methods in Natural Language Processing (EMNLP)},
  pages     = {457--468},
  year      = {2016},
}

@ARTICLE{dlscalingpredictable2017hestness,
   author = {{Hestness}, J. and {Narang}, S. and {Ardalani}, N. and {Diamos}, G. and 
	{Jun}, H. and {Kianinejad}, H. and {Patwary}, M.~M.~A. and {Yang}, Y. and 
	{Zhou}, Y.},
    title = "{Deep Learning Scaling is Predictable, Empirically}",
  journal = {ArXiv e-prints},
archivePrefix = "arXiv",
   eprint = {1712.00409},
 primaryClass = "cs.LG",
 keywords = {Computer Science - Learning, Statistics - Machine Learning},
     year = 2017,
    month = dec,
   adsurl = {http://adsabs.harvard.edu/abs/2017arXiv171200409H},
  adsnote = {Provided by the SAO/NASA Astrophysics Data System}
}

@ARTICLE{simpleefficient2017elsken,
   author = {{Elsken}, T. and {Metzen}, J.-H. and {Hutter}, F.},
    title = "{Simple And Efficient Architecture Search for Convolutional Neural Networks}",
  journal = {ArXiv e-prints},
archivePrefix = "arXiv",
   eprint = {1711.04528},
 primaryClass = "stat.ML",
 keywords = {Statistics - Machine Learning, Computer Science - Artificial Intelligence, Computer Science - Learning},
     year = 2017,
    month = nov,
   adsurl = {http://adsabs.harvard.edu/abs/2017arXiv171104528E},
  adsnote = {Provided by the SAO/NASA Astrophysics Data System}
}
